@book{jolliet2015environmental,
  title     = {Environmental Life Cycle Assessment},
  author    = {Jolliet, O. and Saade, M. and Shaked, S. and Jolliet, A.},
  isbn      = {9781439887660},
  lccn      = {2015042333},
  url       = {https://books.google.it/books?id=zjyBZwEACAAJ},
  year      = {2015},
  publisher = {Taylor \& Francis}
}
@misc{EuropaSustaineble,
  title        = {{Environment} Sustainable Use of Natural Resources},
  author       = {European Commission},
  howpublished = {url: {https://ec.europa.eu/environment/archives/natres/index.htm}},
  note         = {Accessed: 2023-04-10}
}
